@article{tervio2008difference,
  title={The difference that CEOs make: An assignment model approach},
  author={Tervio, Marko},
  journal={American Economic Review},
  volume={98},
  number={3},
  pages={642--68},
  year={2008}
}

@article{becker1973theory,
  title={A Theory of Marriage: Part I},
  author={Becker, Gary S},
  journal={Journal of Political economy},
  volume={81},
  number={4},
  pages={813--846},
  year={1973},
  publisher={The University of Chicago Press}
}

@article{eeckhout2018assortative,
  title={Assortative matching with large firms},
  author={Eeckhout, Jan and Kircher, Philipp},
  journal={Econometrica},
  volume={86},
  number={1},
  pages={85--132},
  year={2018},
  publisher={Wiley Online Library}
}